@Comment{わかなが追加}

@misc{AV-TEST,
    author = {{AV-ATLAS}},
    title        = {{AV-ATLAS - Malware \& PUA}},
    howpublished = "\url{https://portal.av-atlas.org/malware/statistics}",
    year         = "2022"
}

@misc{glibc,
    author = {{GNU}},
    title        = {{The GNU C Library (glibc)}},
    howpublished = "\url{https://www.gnu.org/software/libc/}",
    year         = "2023"
}

@misc{MITRE-ATT&CK,
    author = {{MITRE ATT\&CK}},
    title        = "Hijack Execution Flow: Dynamic\\ Linker Hijacking",
    howpublished = "\url{https://attack.mitre.org/techniques/T1574/006/}",
    year         = 2023
}

@misc{TREND-MICRO,
    author = {{TRENDMICRO}},
    title        = "2021年上半期 Linux脅威レポート\\",
    howpublished = "\url{https://resources.trendmicro.com/jp-docdownload-form-m414-web-2021h1-linux-threats.html}",
    year         = 2021
}

@misc{IBM,
    author = {{IBM}},
    title        = "IBM X-Force脅威インテリジェンス・インデックス2022",
    howpublished = {\url{https://www.ibm.com/downloads/cas/ADLMYLAZ}},
    year         = 2022
}

@misc{Symbiote,
    author       =  {{Joakim, K. and The BlackBerry Research \& Intelligence\\ Team }},
    title        = {{Symbiote: A New, Nearly-Impossible-to-Detect Linux Threat}},
    howpublished = {\url{https://blogs.blackberry.com/en/2022/06/symbiote-a-new-nearly-impossible-to-detect-linux-threat}},
    year         = 2022
}
